@inproceedings
{   Duplyakin+:ATC19,
    title     = "The Design and Operation of {CloudLab}",
    author    = "Dmitry Duplyakin and Robert Ricci and Aleksander Maricq and Gary Wong and Jonathon Duerig and Eric Eide and Leigh Stoller and Mike Hibler and David Johnson and Kirk Webb and Aditya Akella and Kuangching Wang and Glenn Ricart and Larry Landweber and Chip Elliott and Michael Zink and Emmanuel Cecchet and Snigdhaswin Kar and Prabodh Mishra",
    booktitle = "Proceedings of the {USENIX} Annual Technical Conference (ATC)",
    pages = "1--14",
    year = 2019,
    month = jul,
    url = "https://www.flux.utah.edu/paper/duplyakin-atc19"
}
@inproceedings
{   dateutil,
    title = "dateutil",
    author = "Gustavo Niemeyer and Tomi Pievil√§inen and Yaron de Leeuw and Paul Ganssle",
    year = 2003,
    url = "https://dateutil.readthedocs.io/en/stable/"
}
@inproceedings
{   MLDataPrepZoo,
    title = "MLDataPrepZoo",
    author = "Francisco Cornejo-Garcia and Vraj Shah and Arun Kumar",
    year = 2020, 
    month = jul,
    url = "https://github.com/frankiecornejo7/MLDataPrepZoo"
}